<collection xmlns:xsi="http://www.w3.org/2001/XMLSchema-instance" xmlns="http://www.loc.gov/MARC21/slim" xsi:schemaLocation="http://www.loc.gov/MARC21/slim http://www.loc.gov/standards/marcxml/schema/MARC21slim.xsd">

<record>
  <leader>06144ckdaa2200757 a 4500</leader>
  <controlfield tag="001">3462424</controlfield>
  <controlfield tag="005">20100226103445.0</controlfield>
  <controlfield tag="008">890602s1923    xx ||| |||||||   1k|eng d</controlfield>
  <datafield tag="035" ind1=" " ind2=" ">
    <subfield code="a">(OCoLC)78638749</subfield>
  </datafield>
  <datafield tag="035" ind1=" " ind2=" ">
    <subfield code="a">(OCoLC)ocm78638749</subfield>
  </datafield>
  <datafield tag="035" ind1=" " ind2=" ">
    <subfield code="a">(CStRLIN)NYDA89-F676</subfield>
  </datafield>
  <datafield tag="035" ind1=" " ind2=" ">
    <subfield code="9">AAA2895AD</subfield>
  </datafield>
  <datafield tag="035" ind1=" " ind2=" ">
    <subfield code="a">(NNC)3462424</subfield>
  </datafield>
  <datafield tag="040" ind1=" " ind2=" ">
    <subfield code="a">NNC</subfield>
    <subfield code="c">NNC</subfield>
    <subfield code="e">gihc</subfield>
  </datafield>
  <datafield tag="043" ind1=" " ind2=" ">
    <subfield code="a">n-us-ca</subfield>
  </datafield>
  <datafield tag="100" ind1="1" ind2=" ">
    <subfield code="a">Greene, Henry Mather,</subfield>
    <subfield code="d">1870-1954.</subfield>
  </datafield>
  <datafield tag="240" ind1="1" ind2="0">
    <subfield code="a">Pasadena Drapery Shop building (Pasadena, Calif.)</subfield>
  </datafield>
  <datafield tag="245" ind1="1" ind2="0">
    <subfield code="a">Brick shop building for Pasadena Drapery Shop, So. Raymond Ave., Pasadena, [Calif.]</subfield>
    <subfield code="h">[graphic] :</subfield>
    <subfield code="b">/</subfield>
    <subfield code="c">Henry M. Greene, Architect.</subfield>
  </datafield>
  <datafield tag="260" ind1=" " ind2=" ">
    <subfield code="c">[19]23.</subfield>
  </datafield>
  <datafield tag="300" ind1=" " ind2=" ">
    <subfield code="a">24 sheets :</subfield>
    <subfield code="b">various media ;</subfield>
    <subfield code="c">61.1 x 69.3 cm. (24 1/8 x 27 1/4 in.) or smaller.</subfield>
  </datafield>
  <datafield tag="500" ind1=" " ind2=" ">
    <subfield code="a">Scale varies.</subfield>
  </datafield>
  <datafield tag="500" ind1=" " ind2=" ">
    <subfield code="a">Bracketed title elements supplied by cataloger or taken from inventory.</subfield>
  </datafield>
  <datafield tag="500" ind1=" " ind2=" ">
    <subfield code="a">Forms part of the Greene &amp; Greene collection of architectural drawings; job no. 454.</subfield>
  </datafield>
  <datafield tag="500" ind1=" " ind2=" ">
    <subfield code="a">Some of the sheets have title information "Brick Shop building for Ernest E. Wennerberg".</subfield>
  </datafield>
  <datafield tag="500" ind1=" " ind2=" ">
    <subfield code="a">This set consists of 15 pencil drawings on tracing paper, 6 blueprints on paper, 2 pencil drawings on paper, 1 blueprint with pencil markings on paper, and 1 blueprint with crayon markings on paper.</subfield>
  </datafield>
  <datafield tag="561" ind1=" " ind2=" ">
    <subfield code="a">Gift of Jean Murray Bangs (Mrs. Harwell Hamilton Harris), 1960; formerly the collection of Charles Sumner Greene.</subfield>
  </datafield>
  <datafield tag="650" ind1=" " ind2="7">
    <subfield code="a">Stores.</subfield>
    <subfield code="2">aat</subfield>
  </datafield>
  <datafield tag="655" ind1=" " ind2="7">
    <subfield code="a">Detail drawings.</subfield>
    <subfield code="2">aat</subfield>
  </datafield>
  <datafield tag="655" ind1=" " ind2="7">
    <subfield code="a">Sketches.</subfield>
    <subfield code="2">aat</subfield>
  </datafield>
  <datafield tag="655" ind1=" " ind2="7">
    <subfield code="a">Architectural drawings</subfield>
    <subfield code="x">American.</subfield>
    <subfield code="2">aat</subfield>
  </datafield>
  <datafield tag="655" ind1=" " ind2="7">
    <subfield code="a">Orthographic drawings.</subfield>
    <subfield code="2">aat</subfield>
  </datafield>
  <datafield tag="691" ind1=" " ind2="0">
    <subfield code="a">Pasadena (Calif.)</subfield>
  </datafield>
  <datafield tag="650" ind1=" " ind2="0">
    <subfield code="a">Architecture</subfield>
    <subfield code="z">United States</subfield>
    <subfield code="v">Designs and plans.</subfield>
  </datafield>
  <datafield tag="697" ind1="2" ind2="4">
    <subfield code="a">Pasadena Drapery Shop building (Pasadena, Calif.)</subfield>
  </datafield>
  <datafield tag="700" ind1="1" ind2=" ">
    <subfield code="a">Wennerberg, Ernest E.</subfield>
  </datafield>
  <datafield tag="710" ind1="2" ind2=" ">
    <subfield code="a">Greene &amp; Greene.</subfield>
  </datafield>
  <datafield tag="755" ind1=" " ind2=" ">
    <subfield code="a">Pencil drawings.</subfield>
    <subfield code="2">aat</subfield>
  </datafield>
  <datafield tag="755" ind1=" " ind2=" ">
    <subfield code="a">Blueprints.</subfield>
    <subfield code="2">aat</subfield>
  </datafield>
  <datafield tag="755" ind1=" " ind2=" ">
    <subfield code="a">Crayon drawings.</subfield>
    <subfield code="2">aat</subfield>
  </datafield>
  <datafield tag="799" ind1="4" ind2="3">
    <subfield code="a">The Greene &amp; Greene collection of architectural drawings.</subfield>
  </datafield>
  <datafield tag="789" ind1="0" ind2=" ">
    <subfield code="1">[1]</subfield>
    <subfield code="i">NYDA.1960.001.04347.</subfield>
    <subfield code="v">[AVERYimage].</subfield>
    <subfield code="t">Front elevation (west) ; first floor plan ; second floor plan ; section of side wall ; window frames detail ; detail of roof flashing ; south elevation ; roof plan :</subfield>
    <subfield code="n">Sheet no. 1.</subfield>
  </datafield>
  <datafield tag="789" ind1="0" ind2=" ">
    <subfield code="1">[2]</subfield>
    <subfield code="i">NYDA.1960.001.04348.</subfield>
    <subfield code="v">[AVERYimage].</subfield>
    <subfield code="t">Front elevation (west) ; first floor plan ; second floor plan ; section of side wall ; window frames detail ; detail of roof flashing ; south elevation ; roof plan :</subfield>
    <subfield code="n">Sheet no. 1.</subfield>
    <subfield code="p">"Office copy".</subfield>
    <subfield code="o">On verso -- "Set no. 1".</subfield>
  </datafield>
  <datafield tag="789" ind1="0" ind2=" ">
    <subfield code="1">[3]</subfield>
    <subfield code="i">NYDA.1960.001.04349.</subfield>
    <subfield code="v">[AVERYimage].</subfield>
    <subfield code="t">Front elevation (west) ; first floor plan ; second floor plan ; section of side wall ; window frames detail ; detail of roof flashing ; south elevation ; roof plan :</subfield>
    <subfield code="n">Sheet no. 1.</subfield>
    <subfield code="o">On verso -- "Office copy, set no. 1".</subfield>
  </datafield>
  <datafield tag="789" ind1="0" ind2=" ">
    <subfield code="1">[4]</subfield>
    <subfield code="i">NYDA.1960.001.04350.</subfield>
    <subfield code="v">[AVERYimage].</subfield>
    <subfield code="t">Front elevation (west) ; first floor plan ; second floor plan ; section of side wall ; window frames detail ; detail of roof flashing ; south elevation ; roof plan :</subfield>
    <subfield code="n">Sheet no. 1.</subfield>
    <subfield code="o">On verso -- "Set no. 2".</subfield>
  </datafield>
  <datafield tag="789" ind1="0" ind2=" ">
    <subfield code="1">[5]</subfield>
    <subfield code="i">NYDA.1960.001.04351.</subfield>
    <subfield code="v">[AVERYimage].</subfield>
    <subfield code="t">Front elevation (west) ; first floor plan ; second floor plan ; section of side wall ; window frames detail ; detail of roof flashing ; south elevation ; roof plan :</subfield>
    <subfield code="n">Sheet no. 1.</subfield>
    <subfield code="o">On verso -- "Set no. 3".</subfield>
  </datafield>
  <datafield tag="789" ind1="0" ind2=" ">
    <subfield code="1">[6]</subfield>
    <subfield code="i">NYDA.1960.001.04352.</subfield>
    <subfield code="v">[AVERYimage].</subfield>
    <subfield code="t">Front elevation (west) ; first floor plan ; second floor plan ; section of side wall ; window frames detail ; detail of roof flashing ; south elevation ; roof plan :</subfield>
    <subfield code="n">Sheet no. 1.</subfield>
    <subfield code="o">On verso -- "Set no. 4".</subfield>
  </datafield>
  <datafield tag="789" ind1="0" ind2=" ">
    <subfield code="1">[7]</subfield>
    <subfield code="i">NYDA.1960.001.04353.</subfield>
    <subfield code="v">[AVERYimage].</subfield>
    <subfield code="t">Front elevation (west) ; first floor plan ; second floor plan ; section of side wall ; window frames detail ; detail of roof flashing ; south elevation ; roof plan :</subfield>
    <subfield code="n">Sheet no. 1.</subfield>
    <subfield code="o">On verso -- "Set no. 5".</subfield>
  </datafield>
  <datafield tag="789" ind1="0" ind2=" ">
    <subfield code="1">[8]</subfield>
    <subfield code="i">NYDA.1960.001.04354.</subfield>
    <subfield code="v">[AVERYimage].</subfield>
    <subfield code="t">Front elevation (west) ; first floor plan ; second floor plan ; section of side wall ; window frames detail ; detail of roof flashing ; south elevation ; roof plan :</subfield>
    <subfield code="n">Sheet no. 1.</subfield>
    <subfield code="o">On verso -- "Set no. 6".</subfield>
  </datafield>
  <datafield tag="789" ind1="0" ind2=" ">
    <subfield code="1">[9]</subfield>
    <subfield code="i">NYDA.1960.001.04355.</subfield>
    <subfield code="v">[AVERYimage].</subfield>
    <subfield code="t">Front elevation (west) ; first floor plan ; second floor plan ; section of side wall ; window frames detail ; detail of roof flashing ; south elevation ; roof plan :</subfield>
    <subfield code="n">Sheet no. 1.</subfield>
    <subfield code="o">ON verso -- "Set no. 6".</subfield>
  </datafield>
  <datafield tag="789" ind1="0" ind2=" ">
    <subfield code="1">[10]</subfield>
    <subfield code="i">NYDA.1960.001.04356.</subfield>
    <subfield code="v">[AVERYimage].</subfield>
    <subfield code="t">F[ull] s[ize] details of window and door frames :</subfield>
    <subfield code="n">Sheet no. 2.</subfield>
    <subfield code="o">"Changed to metal".</subfield>
  </datafield>
  <datafield tag="789" ind1="0" ind2=" ">
    <subfield code="1">[11]</subfield>
    <subfield code="i">NYDA.1960.001.04357.</subfield>
    <subfield code="v">[AVERYimage].</subfield>
    <subfield code="t">Full size detail of door frames :</subfield>
    <subfield code="n">Sheet no. 3.</subfield>
  </datafield>
  <datafield tag="789" ind1="0" ind2=" ">
    <subfield code="1">[12]</subfield>
    <subfield code="i">NYDA.1960.001.04358.</subfield>
    <subfield code="v">[AVERYimage].</subfield>
    <subfield code="t">Front elevation (revised) ; section of window, half F.S. detail of steel frames :</subfield>
    <subfield code="n">Sheet no. 4.</subfield>
  </datafield>
  <datafield tag="789" ind1="0" ind2=" ">
    <subfield code="1">[13]</subfield>
    <subfield code="i">NYDA.1960.001.04359.</subfield>
    <subfield code="v">[AVERYimage].</subfield>
    <subfield code="t">Door details -- [elevation of] doors in east wall of shop ; [section] :</subfield>
    <subfield code="n">Sheet no. 5.</subfield>
  </datafield>
  <datafield tag="789" ind1="0" ind2=" ">
    <subfield code="1">[14]</subfield>
    <subfield code="i">NYDA.1960.001.04360.</subfield>
    <subfield code="v">[AVERYimage].</subfield>
    <subfield code="t">[Front room with stairs in section, elevation, plan and detail of door] :</subfield>
    <subfield code="n">Sheet no. 6.</subfield>
  </datafield>
  <datafield tag="789" ind1="0" ind2=" ">
    <subfield code="1">[15]</subfield>
    <subfield code="i">NYDA.1960.001.04361.</subfield>
    <subfield code="v">[AVERYimage].</subfield>
    <subfield code="t">[Front elevation and plan]</subfield>
  </datafield>
  <datafield tag="789" ind1="0" ind2=" ">
    <subfield code="1">[16]</subfield>
    <subfield code="i">NYDA.1960.001.04362.</subfield>
    <subfield code="v">[AVERYimage].</subfield>
    <subfield code="t">[Front elevation and plan]</subfield>
  </datafield>
  <datafield tag="789" ind1="0" ind2=" ">
    <subfield code="1">[17]</subfield>
    <subfield code="i">NYDA.1960.001.04363.</subfield>
    <subfield code="v">[AVERYimage].</subfield>
    <subfield code="t">[Front elevation and plan]</subfield>
  </datafield>
  <datafield tag="789" ind1="0" ind2=" ">
    <subfield code="1">[18]</subfield>
    <subfield code="i">NYDA.1960.001.04364.</subfield>
    <subfield code="v">[AVERYimage].</subfield>
    <subfield code="t">[Front elevation and plan]</subfield>
  </datafield>
  <datafield tag="789" ind1="0" ind2=" ">
    <subfield code="1">[19]</subfield>
    <subfield code="i">NYDA.1960.001.04365R.</subfield>
    <subfield code="v">[AVERYimage].</subfield>
    <subfield code="t">[Front elevation and plan]</subfield>
  </datafield>
  <datafield tag="789" ind1="0" ind2=" ">
    <subfield code="1">[20]</subfield>
    <subfield code="i">NYDA.1960.001.04365V.</subfield>
    <subfield code="v">[AVERYimage].</subfield>
    <subfield code="t">[Front elevation]</subfield>
  </datafield>
  <datafield tag="789" ind1="0" ind2=" ">
    <subfield code="1">[21]</subfield>
    <subfield code="i">NYDA.1960.001.04366.</subfield>
    <subfield code="v">[AVERYimage].</subfield>
    <subfield code="t">[Elevation of east wall of shop,</subfield>
    <subfield code="d">10/5/23.</subfield>
  </datafield>
  <datafield tag="789" ind1="0" ind2=" ">
    <subfield code="1">[22]</subfield>
    <subfield code="i">NYDA.1960.001.04367.</subfield>
    <subfield code="v">[AVERYimage].</subfield>
    <subfield code="t">[Details of decoration for front of store]</subfield>
  </datafield>
  <datafield tag="789" ind1="0" ind2=" ">
    <subfield code="1">[23]</subfield>
    <subfield code="i">NYDA.1960.001.04368.</subfield>
    <subfield code="v">[AVERYimage].</subfield>
    <subfield code="t">[Sketch of door, unidentified sketch]</subfield>
  </datafield>
  <datafield tag="789" ind1="0" ind2=" ">
    <subfield code="1">[24]</subfield>
    <subfield code="i">NYDA.1960.001.04369.</subfield>
    <subfield code="v">[AVERYimage].</subfield>
    <subfield code="t">[Interior elevations of] east wall [and] so. wall, [detail of door],</subfield>
    <subfield code="d">10/5/23.</subfield>
  </datafield>
  <datafield tag="789" ind1="0" ind2=" ">
    <subfield code="1">[25]</subfield>
    <subfield code="i">NYDA.1960.001.04370.</subfield>
    <subfield code="v">[AVERYimage].</subfield>
    <subfield code="t">[Sketch of partial floor plan]</subfield>
  </datafield>
  <datafield tag="900" ind1=" " ind2=" ">
    <subfield code="a">AUTH</subfield>
  </datafield>
</record>

</collection>